<?xml version="1.0" encoding="UTF-8"?><collection xmlns="http://www.loc.gov/MARC21/slim"><record><leader>00408nam--2200145-i-4500</leader><controlfield tag="001">000011110</controlfield><controlfield tag="002">20161230</controlfield><controlfield tag="005">20161230201029</controlfield><controlfield tag="008">060222s1000------------r-----000-0-eng-d</controlfield><datafield ind1=" " ind2=" " tag="080"><subfield code="a">541.16:541.042</subfield></datafield><datafield ind1=" " ind2=" " tag="245"><subfield code="a">Changing careers in science and engineering</subfield></datafield><datafield ind1=" " ind2=" " tag="260"><subfield code="a">Cambridge, Mass., The Mit Press, 1972 X + 349 P</subfield></datafield><datafield ind1=" " ind2=" " tag="490"><subfield code="a">Treatise On Solid State Chemisty</subfield></datafield><datafield ind1=" " ind2=" " tag="700"><subfield code="a">Brown, Sanborn C</subfield></datafield><datafield ind1=" " ind2=" " tag="852"><subfield code="a">41232</subfield></datafield></record></collection>